<record xmlns="http://www.loc.gov/MARC21/slim" xmlns:xsi="http://www.w3.org/2001/XMLSchema-instance" xsi:schemaLocation="http://www.loc.gov/MARC21/slim http://www.loc.gov/standards/marcxml/schema/MARC21slim.xsd"><leader>00935cz   2200217n  4500</leader><controlfield tag="001">oca00862453 </controlfield><controlfield tag="005">20010514122633.0</controlfield><controlfield tag="008">830706n| acannaab           |a aaa      </controlfield><datafield ind1=" " ind2=" " tag="010"><subfield code="a">n  82166595 </subfield></datafield><datafield ind1=" " ind2=" " tag="040"><subfield code="a">DLC</subfield><subfield code="c">DLC</subfield><subfield code="d">DLC</subfield></datafield><datafield ind1="1" ind2=" " tag="100"><subfield code="a">Seneca, Lucius Annaeus,</subfield><subfield code="d">ca. 55 B.C.-ca. 39 A.D.</subfield></datafield><datafield ind1="1" ind2=" " tag="400"><subfield code="a">Seneca, Lucius Annaeus,</subfield><subfield code="c">"Rhetor"</subfield><subfield code="w">nnaa</subfield></datafield><datafield ind1="1" ind2=" " tag="400"><subfield code="a">Seneca,</subfield><subfield code="c">the Elder,</subfield><subfield code="d">ca. 55 B.C.-ca. 39 A.D.</subfield></datafield><datafield ind1="1" ind2=" " tag="400"><subfield code="a">Seneca,</subfield><subfield code="d">ca. 55 B.C.-ca. 39 A.D.</subfield></datafield><datafield ind1="1" ind2=" " tag="400"><subfield code="a">Seneca,</subfield><subfield code="c">Rhetor,</subfield><subfield code="d">ca. 55 B.C.-ca. 39 A.D.</subfield></datafield><datafield ind1="1" ind2=" " tag="400"><subfield code="a">Seneca, Annaeus,</subfield><subfield code="d">ca. 55 B.C.-ca. 39 A.D.</subfield></datafield><datafield ind1="1" ind2=" " tag="400"><subfield code="a">Seneca, Marcus Annaeus,</subfield><subfield code="d">ca. 55 B.C.-ca. 39 A.D.</subfield></datafield><datafield ind1="1" ind2=" " tag="400"><subfield code="a">Seneca, M. Annaeus</subfield><subfield code="q">(Marcus Annaeus),</subfield><subfield code="d">ca. 55 B.C.-39 A.D.</subfield></datafield><datafield ind1="1" ind2=" " tag="400"><subfield code="a">Sénèque,</subfield><subfield code="c">le père,</subfield><subfield code="d">ca. 55 B.C.-ca. 39 A.D.</subfield></datafield><datafield ind1=" " ind2=" " tag="670"><subfield code="a">Seneca, L.A. L. et M. Annaei Senecae Tragoediae, 1675.</subfield></datafield><datafield ind1=" " ind2=" " tag="670"><subfield code="a">Sentences, divisions et couleurs des orateurs et des rhéteurs, c1992:</subfield><subfield code="b">t.p. (Sénèque, le père)</subfield></datafield></record>